% The darn bibliography


@PHDTHESIS{...,
  author = {...},
  title = {...},
  school = {...},
  year = {...},
  owner = {...},
  timestamp = {...}
}



@TECHREPORT{...,
  author = {...},
  title = {...},
  institution = {...},
  year = {...},
  owner = {siew},
  timestamp = {...}
}



@incollection{einstein,
  title={Zur Eektrodynamik bewegter K{\"o}rper und spezielle Relativit{\"a}tstheorie},
  author={Einstein, Albert},
  booktitle={Theorien der Elektrizit{\"a}t Elektrostatik},
  pages={245--348},
  year={1927},
  publisher={Springer}
}

@book{lunze2012,
  added-at = {2014-01-20T23:27:12.000+0100},
  author = {Lunze, Jan},
  biburl = {https://www.bibsonomy.org/bibtex/2bf7223e4aef346e54be455e0391af609/cut},
  edition = 9,
  interhash = {2fcf7e3d82d034fd4b980e602b9ff27d},
  intrahash = {bf7223e4aef346e54be455e0391af609},
  keywords = {bathesis-luri systems-theory},
  publisher = {Springer},
  timestamp = {2015-09-25T21:50:07.000+0200},
  title = {Regelungstechnik 1: Systemtheoretische Grundlagen, Analyse und Entwurf einschleifiger Regelungen},
  year = 2012
}

@article{fully_semi_paper_sturm,
  title={Fully and {S}emi-automated {S}hape {D}ifferentiation in {NGS}olve},
  author={Gangl, Peter and Sturm, Kevin and Neunteufel, Michael and Sch{\"o}berl, Joachim},
  journal={Structural and multidisciplinary optimization},
  volume={63},
  number={3},
  pages={1579--1607},
  year={2021},
  publisher={Springer},
  doi = {https://doi.org/10.1007/s00158-020-02742-w}
}

@article{vol_bary_constraint_paper,
author = {Schulz, Volker and Siebenborn, Martin},
year = {2015},
month = {09},
pages = {},
title = {{C}omputational Comparison of Surface Metrics for {PDE} Constrained {S}hape {O}ptimization},
volume = {16},
journal = {Computational Methods in Applied Mathematics},
doi = {https://doi.org/10.1515/cmam-2016-0009}
}

@article{nearly_conformal_paper,
author = {Iglesias, José and Sturm, Kevin and Wechsung, Florian},
year = {2018},
month = {01},
pages = {A3807-A3830},
title = {Two-{D}imensional {S}hape {O}ptimization with {N}early {C}onformal {T}ransformations},
volume = {40},
journal = {SIAM Journal on Scientific Computing},
doi = {https://doi.org/10.1137/17M1152711}
}

@article{lecture_notes_sturm,
  author        = {Sturm, Kevin},
  title         = {Lecture notes for {PDE} constrained {O}ptimization - {TU} {V}ienna {ASC}},
  month         = {06},
  year          = {2022},
  publisher     ={TU Vienna Institute of Analysis and Scientific Computing}
}

@article{lecture_notes_faustmann_numPDE,
  author        = {Faustmann, Markus and Schoeberl, Joachim},
  title         = {Lecture notes for {N}umerical {M}ethods for {PDE}'s - {TU} {V}ienna {ASC}},
  month         = {06},
  year          = {2022},
  publisher     ={TU Vienna Institute of Analysis and Scientific Computing}
}

@article{lecture_notes_faustmann_AMF,
  author        = {Faustmann, Markus},
  title         = {Lecture notes for {A}pplied {M}athematics {F}oundations - {TU} {V}ienna {ASC}},
  month         = {02},
  year          = {2022},
  publisher     ={TU Vienna Institute of Analysis and Scientific Computing}
}

@article{lecture_notes_melenk_numcomp,
  author        = {Melenk,  Jürgen M.},
  title         = {Lecture notes for {N}umerical {C}omputation - {TU} {V}ienna {ASC}},
  month         = {02},
  year          = {2022},
  publisher     ={TU Vienna Institute of Analysis and Scientific Computing}
}